@inproceedings{Chauhan2016NVMOVEHP,
  title={NVMOVE: Helping Programmers Move to Byte-Based Persistence},
  author={Himanshu Chauhan and Irina Calciu and Vijay Chidambaram and Eric Schkufza and Onur Mutlu and Pratap Subrahmanyam},
  booktitle={INFLOW@OSDI},
  year={2016}
}
@inproceedings{Yang2015NVTreeRC,
  title={NV-Tree: Reducing Consistency Cost for NVM-based Single Level Systems},
  author={Jun Yang and Qingsong Wei and Cheng Chen and Chundong Wang and Khai Leong Yong and Beixin Julie He},
  booktitle={FAST},
  year={2015}
}

@inproceedings{Venkataraman:2011:CDD:1960475.1960480,
 author = {Venkataraman, Shivaram and Tolia, Niraj and Ranganathan, Parthasarathy and Campbell, Roy H.},
 title = {Consistent and Durable Data Structures for Non-volatile Byte-addressable Memory},
 booktitle = {Proceedings of the 9th USENIX Conference on File and Stroage Technologies},
 series = {FAST'11},
 year = {2011},
 isbn = {978-1-931971-82-9},
 location = {San Jose, California},
 pages = {5--5},
 numpages = {1},
 url = {http://dl.acm.org/citation.cfm?id=1960475.1960480},
 acmid = {1960480},
 publisher = {USENIX Association},
 address = {Berkeley, CA, USA},
} 

@ARTICLE{546611, 
author={S. V. {Adve} and K. {Gharachorloo}}, 
journal={Computer}, 
title={Shared memory consistency models: a tutorial}, 
year={1996}, 
volume={29}, 
number={12}, 
pages={66-76}, 
keywords={data integrity;shared memory systems;parallel programming;software performance evaluation;software portability;shared memory consistency models;performance;programmability;portability;computer professionals;performance-enhancing features;system designers;hardware-based shared memory systems;system optimizations;system-centric;programmer-centric;relaxed consistency models;program behavior;Tutorial;Magnetic heads;Programming profession;Hardware;High level languages;Read-write memory;Message passing;Optimizing compilers;Computer architecture;Software design}, 
doi={10.1109/2.546611}, 
ISSN={0018-9162}, 
month={Dec},}

@inproceedings{PMtest01,
  title={PMTest: A Fast and Flexible Testing Framework for Persistent Memory Programs},
  author={Sihang Liu and Yizhou Wei and Jishen Zhao and Aasheesh Kolli and Samira Khan},
  series = {ASPLOS '18},
  year = {2019},
  publisher = {ACM},
}

@inproceedings{Lantz2014YatAV,
  title={Yat: A Validation Framework for Persistent Memory Software},
  author={Philip Lantz and Subramanya Dulloor and Sanjay Kumar and Rajesh Sankaran and Jeff Jackson},
  booktitle={USENIX Annual Technical Conference},
  year={2014}
}

@inproceedings{Denny:2016:NSA:2907294.2907303,
 author = {Denny, Joel E. and Lee, Seyong and Vetter, Jeffrey S.},
 title = {NVL-C: Static Analysis Techniques for Efficient, Correct Programming of Non-Volatile Main Memory Systems},
 booktitle = {Proceedings of the 25th ACM International Symposium on High-Performance Parallel and Distributed Computing},
 series = {HPDC '16},
 year = {2016},
 isbn = {978-1-4503-4314-5},
 location = {Kyoto, Japan},
 pages = {125--136},
 numpages = {12},
 url = {http://doi.acm.org/10.1145/2907294.2907303},
 doi = {10.1145/2907294.2907303},
 acmid = {2907303},
 publisher = {ACM},
 address = {New York, NY, USA},
 keywords = {acid transactions, c, flash, llvm, nvm, openarc, persistent memory, pmem, scm, ssd},
} 

@inproceedings{Wu:2018:EBJ:3173162.3173201,
 author = {Wu, Mingyu and Zhao, Ziming and Li, Haoyu and Li, Heting and Chen, Haibo and Zang, Binyu and Guan, Haibing},
 title = {Espresso: Brewing Java For More Non-Volatility with Non-volatile Memory},
 booktitle = {Proceedings of the Twenty-Third International Conference on Architectural Support for Programming Languages and Operating Systems},
 series = {ASPLOS '18},
 year = {2018},
 isbn = {978-1-4503-4911-6},
 location = {Williamsburg, VA, USA},
 pages = {70--83},
 numpages = {14},
 url = {http://doi.acm.org/10.1145/3173162.3173201},
 doi = {10.1145/3173162.3173201},
 acmid = {3173201},
 publisher = {ACM},
 address = {New York, NY, USA},
 keywords = {crash consistency, java virtual machine, non-volatile memory},
} 

@inproceedings{Ren:2017:PNM:3124680.3124729,
 author = {Ren, Jinglei and Hu, Qingda and Khan, Samira and Moscibroda, Thomas},
 title = {Programming for Non-Volatile Main Memory Is Hard},
 booktitle = {Proceedings of the 8th Asia-Pacific Workshop on Systems},
 series = {APSys '17},
 year = {2017},
 isbn = {978-1-4503-5197-3},
 location = {Mumbai, India},
 pages = {13:1--13:8},
 articleno = {13},
 numpages = {8},
 url = {http://doi.acm.org/10.1145/3124680.3124729},
 doi = {10.1145/3124680.3124729},
 acmid = {3124729},
 publisher = {ACM},
 address = {New York, NY, USA},
} 

@article{Kolli:2016:HTP:2954679.2872381,
 author = {Kolli, Aasheesh and Pelley, Steven and Saidi, Ali and Chen, Peter M. and Wenisch, Thomas F.},
 title = {High-Performance Transactions for Persistent Memories},
 journal = {SIGPLAN Not.},
 issue_date = {April 2016},
 volume = {51},
 number = {4},
 month = mar,
 year = {2016},
 issn = {0362-1340},
 pages = {399--411},
 numpages = {13},
 url = {http://doi.acm.org/10.1145/2954679.2872381},
 doi = {10.1145/2954679.2872381},
 acmid = {2872381},
 publisher = {ACM},
 address = {New York, NY, USA},
 keywords = {memory persistency, non-volatile memory, recoverability, transactions},
} 

@article{DBLP:journals/corr/abs-1804-00701,
  author    = {Virendra J. Marathe and
               Achin Mishra and
               Amee Trivedi and
               Yihe Huang and
               Faisal Zaghloul and
               Sanidhya Kashyap and
               Margo Seltzer and
               Tim Harris and
               Steve Byan and
               Bill Bridge and
               Dave Dice},
  title     = {Persistent Memory Transactions},
  journal   = {CoRR},
  volume    = {abs/1804.00701},
  year      = {2018},
  url       = {http://arxiv.org/abs/1804.00701},
  archivePrefix = {arXiv},
  eprint    = {1804.00701},
  timestamp = {Mon, 13 Aug 2018 16:47:44 +0200},
  biburl    = {https://dblp.org/rec/bib/journals/corr/abs-1804-00701},
  bibsource = {dblp computer science bibliography, https://dblp.org}
}

@article{Narayanan:2012:WP:2248487.2151018,
 author = {Narayanan, Dushyanth and Hodson, Orion},
 title = {Whole-system Persistence},
 journal = {SIGPLAN Not.},
 issue_date = {April 2012},
 volume = {47},
 number = {4},
 month = mar,
 year = {2012},
 issn = {0362-1340},
 pages = {401--410},
 numpages = {10},
 url = {http://doi.acm.org/10.1145/2248487.2151018},
 doi = {10.1145/2248487.2151018},
 acmid = {2151018},
 publisher = {ACM},
 address = {New York, NY, USA},
 keywords = {NVRAM, persistence},
} 

@article{Volos:2011:MLP:2248487.1950379,
 author = {Volos, Haris and Tack, Andres Jaan and Swift, Michael M.},
 title = {Mnemosyne: Lightweight Persistent Memory},
 journal = {SIGPLAN Not.},
 issue_date = {April 2012},
 volume = {47},
 number = {4},
 month = mar,
 year = {2011},
 issn = {0362-1340},
 pages = {91--104},
 numpages = {14},
 url = {http://doi.acm.org/10.1145/2248487.1950379},
 doi = {10.1145/2248487.1950379},
 acmid = {1950379},
 publisher = {ACM},
 address = {New York, NY, USA},
 keywords = {memory transactions, performance, persistence, persistent memory, storage-class memory},
} 

@article{Coburn:2011:NMP:1961296.1950380,
 author = {Coburn, Joel and Caulfield, Adrian M. and Akel, Ameen and Grupp, Laura M. and Gupta, Rajesh K. and Jhala, Ranjit and Swanson, Steven},
 title = {NV-Heaps: Making Persistent Objects Fast and Safe with Next-generation, Non-volatile Memories},
 journal = {SIGPLAN Not.},
 issue_date = {March 2011},
 volume = {46},
 number = {3},
 month = mar,
 year = {2011},
 issn = {0362-1340},
 pages = {105--118},
 numpages = {14},
 url = {http://doi.acm.org/10.1145/1961296.1950380},
 doi = {10.1145/1961296.1950380},
 acmid = {1950380},
 publisher = {ACM},
 address = {New York, NY, USA},
 keywords = {acid transactions, memory mangement, non-volatile heap, persistent objects, phase-change memory, pointer safety, spin-torque transfer memory, transactional memory},
} 


@inproceedings{Condit:2009:BIT:1629575.1629589,
 author = {Condit, Jeremy and Nightingale, Edmund B. and Frost, Christopher and Ipek, Engin and Lee, Benjamin and Burger, Doug and Coetzee, Derrick},
 title = {Better I/O Through Byte-addressable, Persistent Memory},
 booktitle = {Proceedings of the ACM SIGOPS 22Nd Symposium on Operating Systems Principles},
 series = {SOSP '09},
 year = {2009},
 isbn = {978-1-60558-752-3},
 location = {Big Sky, Montana, USA},
 pages = {133--146},
 numpages = {14},
 url = {http://doi.acm.org/10.1145/1629575.1629589},
 doi = {10.1145/1629575.1629589},
 acmid = {1629589},
 publisher = {ACM},
 address = {New York, NY, USA},
 keywords = {file systems, performance, phase change memory},
} 

@inproceedings{Pelley:2014:MP:2665671.2665712,
 author = {Pelley, Steven and Chen, Peter M. and Wenisch, Thomas F.},
 title = {Memory Persistency},
 booktitle = {Proceeding of the 41st Annual International Symposium on Computer Architecuture},
 series = {ISCA '14},
 year = {2014},
 isbn = {978-1-4799-4394-4},
 location = {Minneapolis, Minnesota, USA},
 pages = {265--276},
 numpages = {12},
 url = {http://dl.acm.org/citation.cfm?id=2665671.2665712},
 acmid = {2665712},
 publisher = {IEEE Press},
 address = {Piscataway, NJ, USA},
} 

@INPROCEEDINGS{4242474, 
author={T. {Kawahara} and R. {Takemura} and K. {Miura} and J. {Hayakawa} and S. {Ikeda} and Y. {Lee} and R. {Sasaki} and Y. {Goto} and K. {Ito} and T. {Meguro} and F. {Matsukura} and H. {Takahashi} and H. {Matsuoka} and H. {Ohno}}, 
booktitle={2007 IEEE International Solid-State Circuits Conference. Digest of Technical Papers}, 
title={2Mb Spin-Transfer Torque RAM (SPRAM) with Bit-by-Bit Bidirectional Current Write and Parallelizing-Direction Current Read}, 
year={2007}, 
volume={}, 
number={}, 
pages={480-617}, 
keywords={logic circuits;low-power electronics;magnesium compounds;random-access storage;tunnelling;spin-transfer torque RAM;bit-by-bit bidirectional current write;parallelizing-direction current read;logic process;tunneling barrier cell;low-power nonvolatile RAM;universal memory;0.2 micron;2 Mbit;40 ns;100 ns;1.8 V;MgO;Torque;Writing;Read-write memory;Driver circuits;Latches;Switches;Switching circuits;Nonvolatile memory;Random access memory;Magnetic tunneling}, 
doi={10.1109/ISSCC.2007.373503}, 
ISSN={0193-6530}, 
month={Feb},}

@ARTICLE{5607274, 
author={H. {Akinaga} and H. {Shima}}, 
journal={Proceedings of the IEEE}, 
title={Resistive Random Access Memory (ReRAM) Based on Metal Oxides}, 
year={2010}, 
volume={98}, 
number={12}, 
pages={2237-2251}, 
keywords={CMOS integrated circuits;random-access storage;resistive random access memory;ReRAM technology;nonvolatile memories;electronic effect;electrochemical effect;complementary metal-oxide-semiconductor;CMOS device;Switches;Resistance;Metal-insulator structures;Electrodes;Nonvolatile memory;Electrochemical processes;Random access memory;Electrochemical devices;metal–insulator–metal devices;nonvolatile memories;resistance switching}, 
doi={10.1109/JPROC.2010.2070830}, 
ISSN={0018-9219}, 
month={Dec},}

@inproceedings{Moraru:2013:CDS:2524211.2524216,
 author = {Moraru, Iulian and Andersen, David G. and Kaminsky, Michael and Tolia, Niraj and Ranganathan, Parthasarathy and Binkert, Nathan},
 title = {Consistent, Durable, and Safe Memory Management for Byte-addressable Non Volatile Main Memory},
 booktitle = {Proceedings of the First ACM SIGOPS Conference on Timely Results in Operating Systems},
 series = {TRIOS '13},
 year = {2013},
 isbn = {978-1-4503-2463-2},
 location = {Farmington, Pennsylvania},
 pages = {1:1--1:17},
 articleno = {1},
 numpages = {17},
 url = {http://doi.acm.org/10.1145/2524211.2524216},
 doi = {10.1145/2524211.2524216},
 acmid = {2524216},
 publisher = {ACM},
 address = {New York, NY, USA},
} 

@INPROCEEDINGS{6557176, 
author={E. {Kültürsay} and M. {Kandemir} and A. {Sivasubramaniam} and O. {Mutlu}}, 
booktitle={2013 IEEE International Symposium on Performance Analysis of Systems and Software (ISPASS)}, 
title={Evaluating STT-RAM as an energy-efficient main memory alternative}, 
year={2013}, 
volume={}, 
number={}, 
pages={256-267}, 
keywords={buffer storage;MRAM devices;performance evaluation;power aware computing;equal capacity STT-RAM main memory evaluation;energy-efficient main memory alternative;substantial power savings;performance analysis;energy analysis;key optimization identification;partial write bypass;row buffer write bypass;spin-transfer torque random-access memory;Arrays;Magnetic tunneling;Sensors;Organizations;Phase change random access memory;Transistors}, 
doi={10.1109/ISPASS.2013.6557176}, 
ISSN={}, 
month={April},}

@book{lamport94,
    author    = "Leslie Lamport",
    title     = "{\LaTeX: A Document Preparation System}",
    year      = "1994",
    publisher = "Addison-Wesley",
    edition = "2nd",
    address   = "Reading, Massachusetts"
}

@INPROCEEDINGS{7856636, 
author={J. {Ren} and J. {Zhao} and S. {Khan} and J. {Choi} and Y. {Wu} and O. {Mutiu}}, 
booktitle={2015 48th Annual IEEE/ACM International Symposium on Microarchitecture (MICRO)}, 
title={ThyNVM: Enabling software-transparent crash consistency in persistent memory systems}, 
year={2015}, 
volume={}, 
number={}, 
pages={672-685}, 
keywords={cache storage;checkpointing;DRAM-only system;multiple-granularity updates;write locality characteristics;checkpointing granularity;checkpointed data;page granularity;cache block;application execution time;checkpointing time;dual-scheme checkpointing mechanism;hybrid memory system;transparent hybrid NVM;hybrid persistent memory design;legacy programs;persistent memory data;specialized software interfaces;transient memory data;system crash;power loss;consistent memory state;byte-addressable nonvolatile memories;persistent memory systems;software-transparent crash consistency;ThyNVM;Computer crashes;Checkpointing;Nonvolatile memory;Memory management;Software;Metadata;Libraries}, 
doi={10.1145/2830772.2830802}, 
ISSN={2379-3155}, 
month={Dec},}


